@misc{Crystal_Robins_2024,
	title        = {Language},
	author       = {Crystal, David and Robins, Robert Henry},
	year         = 2024,
	month        = {Oct},
	journal      = {Encyclopædia Britannica},
	publisher    = {Encyclopædia Britannica, inc.},
	url          = {https://www.britannica.com/topic/language}
}
@misc{Libretexts_2021,
	title        = {3.1.2: Functions of {Language}},
	author       = {Libretexts},
	year         = 2021,
	month        = {Jul},
	journal      = {Social Sci LibreTexts},
	publisher    = {Libretexts},
	url          = {https://socialsci.libretexts.org/Courses/American_River_College/SPEECH_361%3A_The_Communication_Experience_(Coleman)/03%3A_Verbal_Codes/3.01%3A_Verbal_Communication/3.1.02%3A_Functions_of_Language}
}
@misc{Fernández-Toro_2016,
	title        = {Exploring {Languages and Cultures}},
	author       = {Fernández-Toro, María},
	year         = 2016,
	month        = {Jun},
	journal      = {Open Learning},
	url          = {https://www.open.edu/openlearn/languages/exploring-languages-and-cultures/content-section-3.2}
}
@book{McArthur_1998,
	title        = {Concise Oxford Companion to the English Language},
	author       = {McArthur, Tom},
	year         = 2003,
	publisher    = {Oxford University Press},
	place        = {New York},
	edition      = 1
}
@article{Liu_Zhang_Li_2023,
	title        = {Analysis of Language Phenomena in Internet Slang: A Case Study of Internet Dirty Language},
	author       = {Liu, Jiayi and Zhang, Xinying and Li, Haixu},
	year         = 2023,
	month        = {Aug},
	journal      = {Open Access Library Journal},
	volume       = 10,
	number       = {08},
	pages        = {1–12},
	doi          = {10.4236/oalib.1110484}
}
@misc{unsloth,
	title        = {Unsloth},
	author       = {Daniel Han, Michael Han and Unsloth team},
	year         = 2023,
	url          = {http://github.com/unslothai/unsloth}
}
@misc{Barseghyan2014ONSA,
	title        = {On Some Aspects of Internet Slang},
	author       = {Liana Barseghyan},
	year         = 2014,
	url          = {https://api.semanticscholar.org/CorpusID:51730779}
}
@article{Sabri2020,
	title        = {The Usage of English Internet Slang Among Malaysians in Social Media},
	author       = {Nor Azida binti Sabri and Syazzim bin Hamdan and Na-Thinamalar Magiswary Nadarajan and Soo Ruey Shing},
	year         = 2020,
	month        = {Jun},
	journal      = {Selangor Humaniora Review},
	volume       = 4,
	number       = 1,
	pages        = {16--17}
}
@misc{Maulidiya_Wijaya_Mauren_Adha_Pandin_2021,
	title        = {Language Development of Slang In The Younger Generation In The Digital Era},
	author       = {Rahmania Maulidiya and Sofia Emanuella Wijaya and Cindy Mauren and Tharissya Pra Adha and Moses Glorino Rumambo Pandin},
	year         = 2021,
	month        = {Dec},
	publisher    = {OSF Preprints},
	doi          = {10.31219/osf.io/xs7kd},
	url          = {osf.io/xs7kd}
}
@book{McCrindle2020,
	title        = {Understanding Generation Alpha},
	author       = {McCrindle, Mark and Fell, Ashley},
	year         = 2020,
	month        = {Jul},
	publisher    = {McCrindle Research Pty Ltd}
}
@inproceedings{Jukic_Skojo2021,
	title        = {The Educational Needs of the Alpha Generation},
	author       = {Jukić, R. and Škojo, T.},
	year         = 2021,
	booktitle    = {2021 44th International Convention on Information, Communication and Electronic Technology (MIPRO)},
	pages        = {564--569},
	doi          = {10.23919/MIPRO52101.2021.9597106}
}
@article{Prensky_2001b,
	title        = {Digital Natives, Digital Immigrants},
	author       = {Prensky, Marc},
	year         = 2001,
	month        = {Oct},
	journal      = {On the Horizon},
	volume       = 9,
	number       = 5,
	doi          = {https://doi.org/10.1108/10748120110424816}
}
@misc{Vergho,
	title        = {Comparing GPT-4 and Open-Source Language Models in Misinformation Mitigation}, 
	author       = {Tyler Vergho and Jean-Francois Godbout and Reihaneh Rabbany and Kellin Pelrine},
	year         = {2024},
	eprint       = {2401.06920},
	archivePrefix= {arXiv},
	primaryClass = {cs.CL},
	url          = {https://arxiv.org/abs/2401.06920}, 
}
@misc{Jha2020,
	title        = {Understanding Generation Alpha},
	author       = {Jha, Amrit},
	year         = 2020,
	month        = {Jun},
	doi          = {10.31219/osf.io/d2e8g}
}
@article{Vargas_Marbella_2023a,
	title        = {Bokabularyong Generation Alpha sa pakikipagtalastasang Filipino},
	author       = {Vargas, Alexander and Marbella, Felisa},
	year         = 2023,
	month        = {Sep},
	journal      = {International Journal of Research Studies in Education},
	volume       = 12,
	number       = 8,
	pages        = {57–69},
	doi          = {http://dx.doi.org/10.5861/ijrse.2023.62}
}
@article{Ghazali_Abdullah_2021,
	title        = {Slang Language Use in Social Media Among Malaysian Youths: A Sociolinguistic Perspective},
	author       = {Ghazali, Norshahira Mohd and Abdullah, Nur Nabilah},
	year         = 2021,
	month        = {Dec},
	journal      = {International Young Scholars Journal of Languages},
	volume       = 4,
	number       = 2,
	pages        = 69,
	url          = {https://www.iium.edu.my/media/77652/Slang%20Language%20Use%20in%20Social%20Media%20Among%20Malaysian%20Youths_A%20Sociolinguistic%20Perspective.pdf}
}
@article{Jeresano_Carretero_2022,
	title        = {Digital Culture and Social Media Slang of Gen Z},
	author       = {Jeresano, Eliza and Carretero, Marigrace},
	year         = 2022,
	month        = {Feb},
	journal      = {United International Journal for Research \& Technology},
	volume       = 3,
	number       = 4,
	pages        = {11–25},
	doi          = {http://dx.doi.org/10.1314/RG.2.2.36361.93285}
}
@article{Liu_Gui_Zuo_Dai_2019,
	title        = {Good Slang or Bad Slang? Embedding Internet Slang in Persuasive Advertising},
	author       = {Liu, Shixiong and Gui, Dan-Yang and Zuo, Yafei and Dai, Yu},
	year         = 2019,
	month        = {Jun},
	journal      = {Frontiers in Psychology},
	volume       = 10,
	doi          = {10.3389/fpsyg.2019.01251}
}
@article{SUSLAK2009199,
	title        = {The sociolinguistic problem of generations},
	author       = {Daniel F. Suslak},
	year         = 2009,
	journal      = {Language \& Communication},
	volume       = 29,
	number       = 3,
	pages        = {199--209},
	doi          = {https://doi.org/10.1016/j.langcom.2009.02.003},
	issn         = {0271-5309},
	url          = {https://www.sciencedirect.com/science/article/pii/S0271530909000196},
	note         = {Reflecting on language and culture fieldwork in the early 21st century}
}
@inproceedings{Teng_Joo2023,
	title        = {Is Internet Language a Destroyer to Communication?},
	author       = {Teng, Chan Eang and Joo, Tang Mui},
	year         = 2023,
	booktitle    = {Proceedings of Eighth International Congress on Information and Communication Technology},
	publisher    = {Springer Nature Singapore},
	address      = {Singapore},
	pages        = {527--536},
	isbn         = {978-981-99-3243-6},
	editor       = {Yang, Xin-She and Sherratt, R. Simon and Dey, Nilanjan and Joshi, Amit}
}
@article{Ambarsari_Amrullah_Nawawi_2020,
	title        = {The Use of Online Slang for Independent Learning in English Vocabulary},
	author       = {Ambarsari, Sasha and Amrullah, Amrullah and Nawawi, Nawawi},
	year         = 2020,
	month        = {Aug},
	journal      = {Proceedings of the 1st Annual Conference on Education and Social Sciences (ACCESS 2019)},
	volume       = 465,
	pages        = {295–297},
	doi          = {10.2991/assehr.k.200827.074}
}
@article{Khazeni,
	title        = {Persian Slang Text Conversion to Formal and Deep Learning of Persian Short Texts on Social Media for Sentiment Classification},
	author       = {Heydari, M. and Albadvi, A. and Khazeni, M.},
	year         = 2024,
	journal      = {Journal of Electrical and Computer Engineering Innovations (JECEI)},
	publisher    = {Shahid Rajaee Teacher Training University},
	doi          = {10.22061/jecei.2024.10745.731},
	issn         = {2322-3952},
	url          = {https://jecei.sru.ac.ir/article_2172.html},
	eissn        = {2345-3044}
}
@article{Nocon_Kho_Arroyo_2018,
	title        = {Building a {Filipino Colloquialism Translator} using {Sequence-to-Sequence Model}},
	author       = {Nocon, Nicco and Kho, Nyssa Michelle and Arroyo, Jeniffer},
	year         = 2018,
	month        = {Oct},
	journal      = {TENCON 2018 - 2018 IEEE Region 10 Conference},
	pages        = {2199–2204},
	doi          = {10.1109/tencon.2018.8650118}
}
@article{Ibrahim_Sharief,
	title        = {Intelligent System to Transformer Slang Words into Formal Words},
	author       = {Ibrahim, Ahmed and Sharief, Ban},
	year         = 2023,
	month        = 10,
	journal      = {NTU Journal of Engineering and Technology},
	volume       = 2,
	pages        = {},
	doi          = {10.56286/ntujet.v2i2.689}
}
@misc{hu2021loralowrankadaptationlarge,
	title        = {LoRA: Low-Rank Adaptation of Large Language Models},
	author       = {Edward J. Hu and Yelong Shen and Phillip Wallis and Zeyuan Allen-Zhu and Yuanzhi Li and Shean Wang and Lu Wang and Weizhu Chen},
	year         = 2021,
	url          = {https://arxiv.org/abs/2106.09685},
	eprint       = {2106.09685},
	archiveprefix = {arXiv},
	primaryclass = {cs.CL}
}
@misc{nguyen2023finetuningllama2large,
	title        = {Fine-Tuning Llama 2 Large Language Models for Detecting Online Sexual Predatory Chats and Abusive Texts},
	author       = {Thanh Thi Nguyen and Campbell Wilson and Janis Dalins},
	year         = 2023,
	url          = {https://arxiv.org/abs/2308.14683},
	eprint       = {2308.14683},
	archiveprefix = {arXiv},
	primaryclass = {cs.CL}
}
@misc{zhao2024loraland310finetuned,
	title        = {LoRA Land: 310 Fine-tuned LLMs that Rival GPT-4, A Technical Report},
	author       = {Justin Zhao and Timothy Wang and Wael Abid and Geoffrey Angus and Arnav Garg and Jeffery Kinnison and Alex Sherstinsky and Piero Molino and Travis Addair and Devvret Rishi},
	year         = 2024,
	url          = {https://arxiv.org/abs/2405.00732},
	eprint       = {2405.00732},
	archiveprefix = {arXiv},
	primaryclass = {cs.CL}
}
@article{Vacalares_Salas_Babac_Cagalawan_Calimpong_2023,
	title        = {The intelligibility of internet slangs between millennials and gen zers: A comparative study},
	author       = {Sophomore Talle Vacalares and Angel Faith R. Salas and Bherna Jane S. Babac and Analyn L. Cagalawan and Christine D. Calimpong},
	year         = 2023,
	month        = {Jun},
	journal      = {International Journal of Science and Research Archive},
	volume       = 9,
	number       = 1,
	pages        = {400–409},
	doi          = {10.30574/ijsra.2023.9.1.0456}
}
@misc{Dua_Jacobson_Ellingrud_Enomoto_Cordina_Coe_Finneman_2024,
	title        = {What is Gen Z?},
	author       = {Dua, André and Jacobson, Raelyn and Ellingrud, Kweilin and Enomoto, Kana and Cordina, Jenny and Coe, Erica  Hutchins and Finneman, Bo},
	year         = 2024,
	month        = {Aug},
	journal      = {McKinsey \& Company},
	publisher    = {McKinsey \& Company},
	url          = {https://www.mckinsey.com/featured-insights/mckinsey-explainers/what-is-gen-z}
}
@article{article,
	title        = {Factors Affecting Language Change},
	author       = {Mantiri, Oktavian},
	year         = 2010,
	month        = {03},
	journal      = {http://ssrn.com/abstract=2566128},
	pages        = {},
	doi          = {10.2139/ssrn.2566128}
}
%New References
@article{feuerriegel2024generative,
	title        = {Generative ai},
	author       = {Feuerriegel, Stefan and Hartmann, Jochen and Janiesch, Christian and Zschech, Patrick},
	year         = 2024,
	journal      = {Business \& Information Systems Engineering},
	publisher    = {Springer},
	volume       = 66,
	number       = 1,
	pages        = {111--126}
}
@misc{brynjolfsson2023generative,
	title        = {Generative AI at work},
	author       = {Brynjolfsson, Erik and Li, Danielle and Raymond, Lindsey R},
	year         = 2023,
	institution  = {National Bureau of Economic Research}
}
@misc{fui2023generative,
	title        = {Generative AI and ChatGPT: Applications, challenges, and AI-human collaboration},
	author       = {Fui-Hoon Nah, Fiona and Zheng, Ruilin and Cai, Jingyuan and Siau, Keng and Chen, Langtao},
	year         = 2023,
	journal      = {Journal of Information Technology Case and Application Research},
	publisher    = {Taylor \& Francis},
	volume       = 25,
	number       = 3,
	pages        = {277--304}
}
@article{euchner2023generative,
	title        = {Generative ai},
	author       = {Euchner, Jim},
	year         = 2023,
	journal      = {Research-Technology Management},
	publisher    = {Taylor \& Francis},
	volume       = 66,
	number       = 3,
	pages        = {71--74}
}
@article{lin_2004,
	title        = {ROUGE: A Package for Automatic Evaluation of Summaries},
	author       = {Lin, Chin-Yew},
	year         = 2004,
	month        = {Jul},
	journal      = {Meeting of the Association for Computational Linguistics},
	pages        = {74–81}
}
@article{papineni_roukos_ward_zhu_2001,
	title        = {BLEU: a Method for Automatic Evaluation of Machine Translation},
	author       = {Papineni, Kishore and Roukos, Salim and Ward, Todd and Zhu, Wei-Jing},
	year         = 2001,
	journal      = {Proceedings of the 40th Annual Meeting on Association for Computational Linguistics  - ACL ’02},
	doi          = {https://doi.org/10.3115/1073083.1073135},
	url          = {https://dl.acm.org/citation.cfm?id=1073135}
}

@misc{gonzagaforda, 
	title={“Forda Convo ang Ferson”: Analysis of Gen Z Slang in the Lens of Batstateu Faculty Members}, url={https://www.academia.edu/102575643/_FORDA_CONVO_ANG_FERSON_ANALYSIS_OF_GEN_Z_SLANG_IN_THE_LENS_OF_BATSTATEU_FACULTY_MEMBERS}, 
	journal={Academia.edu}, 
	author={Gonzaga, Mye},
	year={2025}, 
	month={Feb}} 

@article{ding2023enhancing,
  	title		 = {Enhancing Chat Language Models by Scaling High-quality Instructional Conversations},
  	author		 = {Ding, Ning and Chen, Yulin and Xu, Bokai and Qin, Yujia and Zheng, Zhi and Hu, Shengding and Liu, Zhiyuan and Sun, Maosong and Zhou, Bowen},
  	journal	 	 = {arXiv preprint arXiv:2305.14233},
  	year		 = {2023}
}

@misc{cui2023ultrafeedback,
    title		 = {UltraFeedback: Boosting Language Models with High-quality Feedback}, 
    author		 = {Ganqu Cui and Lifan Yuan and Ning Ding and Guanming Yao and Wei Zhu and Yuan Ni and Guotong Xie and Zhiyuan Liu and Maosong Sun},
    year		 = {2023},
    eprint		 = {2310.01377},
    archivePrefix= {arXiv},
    primaryClass = {cs.CL}
}

@misc{sun2024informallanguageprocessingknowledge,
    title		 = {Toward Informal Language Processing: Knowledge of Slang in Large Language Models}, 
    author		 = {Zhewei Sun and Qian Hu and Rahul Gupta and Richard Zemel and Yang Xu},
    year		 = {2024},
    eprint	     = {2404.02323},
    archivePrefix= {arXiv},
    primaryClass = {cs.CL},
    url			 = {https://arxiv.org/abs/2404.02323}, 
}

@misc{tunstall2023zephyr,
    title		 = {Zephyr: Direct Distillation of LM Alignment}, 
    author		 = {Lewis Tunstall and Edward Beeching and Nathan Lambert and Nazneen Rajani and Kashif Rasul and Younes Belkada and Shengyi Huang and Leandro von Werra and Clémentine Fourrier and Nathan Habib and Nathan Sarrazin and Omar Sanseviero and Alexander M. Rush and Thomas Wolf},
    year		 = {2023},
    eprint		 = {2310.16944},
    archivePrefix= {arXiv},
    primaryClass = {cs.LG}
}

@misc{liang2025slangditbenchmarkingllmsinterpretative,
    title		 = {SlangDIT: Benchmarking LLMs in Interpretative Slang Translation}, 
    author		 = {Yunlong Liang and Fandong Meng and Jiaan Wang and Jie Zhou},
    year		 = {2025},
    eprint		 = {2505.14181},
    archivePrefix= {arXiv},
    primaryClass = {cs.CL},
    url			 = {https://arxiv.org/abs/2505.14181}, 
}
@misc{chiang2024chatbot,
    title		 = {Chatbot Arena: An Open Platform for Evaluating LLMs by Human Preference},
    author		 = {Wei-Lin Chiang and Lianmin Zheng and Ying Sheng and Anastasios Nikolas Angelopoulos and Tianle Li and Dacheng Li and Hao Zhang and Banghua Zhu and Michael Jordan and Joseph E. Gonzalez and Ion Stoica},
    year		 = {2024},
    eprint		 = {2403.04132},
    archivePrefix= {arXiv},
    primaryClass = {cs.AI}
}

@misc{nadas2025syntheticdatagenerationusing,
    title		 = {Synthetic Data Generation Using Large Language Models: Advances in Text and Code}, 
    author		 = {Mihai Nadas and Laura Diosan and Andreea Tomescu},
    year		 = {2025},
    eprint		 = {2503.14023},
    archivePrefix= {arXiv},
    primaryClass = {cs.CL},
    url			 = {https://arxiv.org/abs/2503.14023}, 
}

@misc{vonwerra2022trl,
  	author 		 = {Leandro von Werra and Younes Belkada and Lewis Tunstall and Edward Beeching and Tristan Thrush and Nathan Lambert and Shengyi Huang and Kashif Rasul and Quentin Gallouédec},
  	title 		 = {TRL: Transformer Reinforcement Learning},
  	year 		 = {2020},
  	publisher 	 = {GitHub},
  	journal 	 = {GitHub repository},
  	howpublished = {\url{https://github.com/huggingface/trl}}
}

@misc{Peytchev_Peytcheva_2017, 
	title={Reduction of Measurement Error Due to Survey length: Evaluation of the Split Questionnaire Design Approach}, 
	url={https://ojs.ub.uni-konstanz.de/srm/article/view/7145/0}, 
	journal={Survey Research Methods}, 
	author={Peytchev, Andy and Peytcheva, Emilia}, 
	year={2017}
} 

@misc{Ganti_2024, 
	title={Weighted Average: Definition and How It is Calculated and Used}, url={https://www.investopedia.com/terms/w/weightedaverage.asp}, 
	journal={Investopedia},
	publisher={Investopedia}, 
	author={Ganti, Akhilesh}, 
	year={2024}
} 

@misc{Olobia_2024, 
	title={Utilizing Social Media in Communicating in English as a Second Language}, url={https://doi.org/10.37237/150103}, 
	journal={SiSAL Journal}, 
	author={Olobia, Leoncio}, 
	year={2024}, 
	month={Jul}
} 

@misc{Esquivel_2020, 
	title = {Exploring the Filipinization of the English Language in a Digital Age: An Identity Apart from Other World Englishes},
	url={https://files.eric.ed.gov/fulltext/ED475048.pdf}, 
	author={Esquivel, Orlyn Joyce}, 
	year={2020}
} 